<?xml version="1.0"?>
<marc:collection xmlns:marc="http://www.loc.gov/MARC21/slim" xmlns:xsi="http://www.w3.org/2001/XMLSchema-instance" xsi:schemaLocation="http://www.loc.gov/MARC21/slim http://www.loc.gov/standards/marcxml/schema/MARC21slim.xsd">
   <marc:record type="Bibliographic">
      <marc:leader>00953cam a2200253 a 4500</marc:leader>
      <marc:controlfield tag="001">6474742</marc:controlfield>
      <marc:controlfield tag="003">NjP</marc:controlfield>
      <marc:controlfield tag="005">20141105155046.0</marc:controlfield>
      <marc:controlfield tag="008">110321s1955    sy            000 0 ara d</marc:controlfield>
      <marc:datafield tag="024" ind1="7" ind2=" ">
         <marc:subfield code="a">princeton_aco000144</marc:subfield>
         <marc:subfield code="2">local</marc:subfield>
      </marc:datafield>
      <marc:datafield tag="035" ind1=" " ind2=" ">
         <marc:subfield code="a">(OCoLC)ocn709694224</marc:subfield>
      </marc:datafield>
      <marc:datafield tag="040" ind1=" " ind2=" ">
         <marc:subfield code="a">NjP</marc:subfield>
         <marc:subfield code="c">PUL</marc:subfield>
         <marc:subfield code="d">PUL</marc:subfield>
      </marc:datafield>
      <marc:datafield tag="035" ind1=" " ind2=" ">
         <marc:subfield code="a">(OCoLC)709694224</marc:subfield>
      </marc:datafield>
      <marc:datafield tag="035" ind1=" " ind2=" ">
         <marc:subfield code="a">(NjP)6474742</marc:subfield>
      </marc:datafield>
      <marc:datafield tag="079" ind1=" " ind2=" ">
         <marc:subfield code="a">ocn709684762</marc:subfield>
      </marc:datafield>
      <marc:datafield tag="049" ind1=" " ind2=" ">
         <marc:subfield code="a">PULL</marc:subfield>
      </marc:datafield>
      <marc:datafield tag="100" ind1="1" ind2=" ">
         <marc:subfield code="6">880-01</marc:subfield>
         <marc:subfield code="a">H&#x323;ims&#x323;i&#x304;, Qust&#x323;a&#x304;ki&#x304;.</marc:subfield>
      </marc:datafield>
      <marc:datafield tag="245" ind1="1" ind2="0">
         <marc:subfield code="6">880-02</marc:subfield>
         <marc:subfield code="a">Manhal al-wurra&#x304;d fi&#x304; &#x2BB;ilm al-intiqa&#x304;d  /</marc:subfield>
         <marc:subfield code="c">ta&#x2BC;li&#x304;f Qust&#x323;a&#x304;ki&#x304; Bik al-H&#x323;ims&#x323;i&#x304; al-H&#x323;alabi&#x304;.</marc:subfield>
      </marc:datafield>
      <marc:datafield tag="260" ind1=" " ind2=" ">
         <marc:subfield code="6">880-03</marc:subfield>
         <marc:subfield code="a">[Aleppo] :</marc:subfield>
         <marc:subfield code="b">Mat&#x323;ba&#x2BB;at al-D&#x323;a&#x304;d,</marc:subfield>
         <marc:subfield code="c">1955.</marc:subfield>
      </marc:datafield>
      <marc:datafield tag="300" ind1=" " ind2=" ">
         <marc:subfield code="a">9, 304 p. :</marc:subfield>
         <marc:subfield code="c">20 cm.</marc:subfield>
      </marc:datafield>
      <marc:datafield tag="650" ind1=" " ind2="0">
         <marc:subfield code="a">Arabic literature</marc:subfield>
         <marc:subfield code="x">History and criticism.</marc:subfield>
      </marc:datafield>
      <marc:datafield tag="880" ind1="1" ind2=" ">
         <marc:subfield code="6">100-01/r</marc:subfield>
         <marc:subfield code="a">&#x62D;&#x645;&#x635;&#x64A;&#x60C; &#x642;&#x633;&#x637;&#x627;&#x643;&#x64A;.</marc:subfield>
      </marc:datafield>
      <marc:datafield tag="880" ind1="1" ind2="0">
         <marc:subfield code="6">245-02/r</marc:subfield>
         <marc:subfield code="a">&#x645;&#x646;&#x647;&#x644; &#x627;&#x644;&#x648;&#x631;&#x627;&#x62F; &#x641;&#x64A; &#x639;&#x644;&#x645; &#x627;&#x644;&#x627;&#x646;&#x62A;&#x642;&#x627;&#x62F;  /</marc:subfield>
         <marc:subfield code="c">&#x62A;&#x623;&#x644;&#x64A;&#x641; &#x642;&#x633;&#x637;&#x627;&#x643;&#x64A; &#x628;&#x643; &#x627;&#x644;&#x62D;&#x645;&#x635;&#x64A; &#x627;&#x644;&#x62D;&#x644;&#x628;&#x64A;.</marc:subfield>
      </marc:datafield>
      <marc:datafield tag="880" ind1=" " ind2=" ">
         <marc:subfield code="6">260-03/r</marc:subfield>
         <marc:subfield code="a">[&#x62D;&#x644;&#x628;] :</marc:subfield>
         <marc:subfield code="b">&#x645;&#x637;&#x628;&#x639;&#x629; &#x627;&#x644;&#x636;&#x627;&#x62F;&#x60C;</marc:subfield>
         <marc:subfield code="c">1955.</marc:subfield>
      </marc:datafield>
      <marc:datafield tag="994" ind1=" " ind2=" ">
         <marc:subfield code="a">C0</marc:subfield>
         <marc:subfield code="b">PUL</marc:subfield>
      </marc:datafield>
      <marc:datafield tag="999" ind1=" " ind2=" ">
         <marc:subfield code="a">6474742</marc:subfield>
      </marc:datafield>
   </marc:record>
</marc:collection>
